@article{lecun2015deep,
  title={Deep learning},
  author={LeCun, Yann and Bengio, Yoshua and Hinton, Geoffrey},
  journal={nature},
  volume={521},
  number={7553},
  pages={436},
  year={2015},
  publisher={Nature Publishing Group}
}

@article{bengio2013representation,
  title={Representation learning: A review and new perspectives},
  author={Bengio, Yoshua and Courville, Aaron and Vincent, Pascal},
  journal={IEEE transactions on pattern analysis and machine intelligence},
  volume={35},
  number={8},
  pages={1798--1828},
  year={2013},
  publisher={IEEE}
}

@inproceedings{goodfellow2014generative,
  title={Generative adversarial nets},
  author={Goodfellow, Ian and Pouget-Abadie, Jean and Mirza, Mehdi and Xu, Bing and Warde-Farley, David and Ozair, Sherjil and Courville, Aaron and Bengio, Yoshua},
  booktitle={Advances in neural information processing systems},
  pages={2672--2680},
  year={2014}
}

@misc{misra2019mish,
    title={Mish: A Self Regularized Non-Monotonic Neural Activation Function},
    author={Diganta Misra},
    year={2019},
    eprint={1908.08681},
    archivePrefix={arXiv},
    primaryClass={cs.LG}
}

@article{donsker1975asymptotic,
  title={Asymptotic evaluation of certain Markov process expectations for large time, I},
  author={Donsker, Monroe D and Varadhan, SR Srinivasa},
  journal={Communications on Pure and Applied Mathematics},
  volume={28},
  number={1},
  pages={1--47},
  year={1975},
  publisher={Wiley Online Library}
}

@article{hjelm2018learning,
  title={Learning deep representations by mutual information estimation and maximization},
  author={Hjelm, R Devon and Fedorov, Alex and Lavoie-Marchildon, Samuel and Grewal, Karan and Trischler, Adam and Bengio, Yoshua},
  journal={arXiv preprint arXiv:1808.06670},
  year={2018}
}

@article{belghazi2018mine,
  title={Mine: mutual information neural estimation},
  author={Belghazi, Mohamed Ishmael and Baratin, Aristide and Rajeswar, Sai and Ozair, Sherjil and Bengio, Yoshua and Courville, Aaron and Hjelm, R Devon},
  journal={arXiv preprint arXiv:1801.04062},
  year={2018}
}

@inproceedings{bojanowski2017unsupervised,
  title={Unsupervised learning by predicting noise},
  author={Bojanowski, Piotr and Joulin, Armand},
  booktitle={Proceedings of the 34th International Conference on Machine Learning-Volume 70},
  pages={517--526},
  year={2017},
  organization={JMLR. org}
}

@article{cybenko1989approximation,
  title={Approximation by superpositions of a sigmoidal function},
  author={Cybenko, George},
  journal={Mathematics of control, signals and systems},
  volume={2},
  number={4},
  pages={303--314},
  year={1989},
  publisher={Springer}
}

@article{hornik1991approximation,
  title={Approximation capabilities of multilayer feedforward networks},
  author={Hornik, Kurt},
  journal={Neural networks},
  volume={4},
  number={2},
  pages={251--257},
  year={1991},
  publisher={Elsevier}
}

@inproceedings{lawrence1997lessons,
  title={Lessons in neural network training: Overfitting may be harder than expected},
  author={Lawrence, Steve and Giles, C Lee and Tsoi, Ah Chung},
  booktitle={AAAI/IAAI},
  pages={540--545},
  year={1997},
  organization={Citeseer}
}

@article{novak2018sensitivity,
  title={Sensitivity and generalization in neural networks: an empirical study},
  author={Novak, Roman and Bahri, Yasaman and Abolafia, Daniel A and Pennington, Jeffrey and Sohl-Dickstein, Jascha},
  journal={arXiv preprint arXiv:1802.08760},
  year={2018}
}

@article{zhang2016understanding,
  title={Understanding deep learning requires rethinking generalization},
  author={Zhang, Chiyuan and Bengio, Samy and Hardt, Moritz and Recht, Benjamin and Vinyals, Oriol},
  journal={arXiv preprint arXiv:1611.03530},
  year={2016}
}

@inproceedings{krizhevsky2012imagenet,
  title={Imagenet classification with deep convolutional neural networks},
  author={Krizhevsky, Alex and Sutskever, Ilya and Hinton, Geoffrey E},
  booktitle={Advances in neural information processing systems},
  pages={1097--1105},
  year={2012}
}

@article{jastrzkebski2017three,
  title={Three factors influencing minima in sgd},
  author={Jastrzkebski, Stanislaw and Kenton, Zachary and Arpit, Devansh and Ballas, Nicolas and Fischer, Asja and Bengio, Yoshua and Storkey, Amos},
  journal={arXiv preprint arXiv:1711.04623},
  year={2017}
}

@article{kullback1951information,
  title={On information and sufficiency},
  author={Kullback, Solomon and Leibler, Richard A},
  journal={The annals of mathematical statistics},
  volume={22},
  number={1},
  pages={79--86},
  year={1951},
  publisher={JSTOR}
}

@article{radford2015unsupervised,
  title={Unsupervised representation learning with deep convolutional generative adversarial networks},
  author={Radford, Alec and Metz, Luke and Chintala, Soumith},
  journal={arXiv preprint arXiv:1511.06434},
  year={2015}
}

@article{deng2012mnist,
  title={The MNIST database of handwritten digit images for machine learning research [best of the web]},
  author={Deng, Li},
  journal={IEEE Signal Processing Magazine},
  volume={29},
  number={6},
  pages={141--142},
  year={2012},
  publisher={IEEE}
}

@article{huszar2017variational,
  title={Variational inference using implicit distributions},
  author={Husz{\'a}r, Ferenc},
  journal={arXiv preprint arXiv:1702.08235},
  year={2017}
}

@article{barber2004algorithm,
  title={The IM algorithm: a variational approach to information maximization},
  author={Barber, David and Agakov, Felix},
  journal={Advances in Neural Information Processing Systems},
  volume={16},
  pages={201},
  year={2004}
}

@article{zhao2017infovae,
  title={Infovae: Information maximizing variational autoencoders},
  author={Zhao, Shengjia and Song, Jiaming and Ermon, Stefano},
  journal={arXiv preprint arXiv:1706.02262},
  year={2017}
}

@article{gretton2012kernel,
  title={A kernel two-sample test},
  author={Gretton, Arthur and Borgwardt, Karsten M and Rasch, Malte J and Sch{\"o}lkopf, Bernhard and Smola, Alexander},
  journal={Journal of Machine Learning Research},
  volume={13},
  number={Mar},
  pages={723--773},
  year={2012}
}

@inproceedings{kiros2015skip,
  title={Skip-thought vectors},
  author={Kiros, Ryan and Zhu, Yukun and Salakhutdinov, Ruslan R and Zemel, Richard and Urtasun, Raquel and Torralba, Antonio and Fidler, Sanja},
  booktitle={Advances in neural information processing systems},
  pages={3294--3302},
  year={2015}
}

@inproceedings{mescheder2017adversarial,
  title={Adversarial variational bayes: Unifying variational autoencoders and generative adversarial networks},
  author={Mescheder, Lars and Nowozin, Sebastian and Geiger, Andreas},
  booktitle={Proceedings of the 34th International Conference on Machine Learning-Volume 70},
  pages={2391--2400},
  year={2017},
  organization={JMLR. org}
}

@article{conneau2018you,
  title={What you can cram into a single vector: Probing sentence embeddings for linguistic properties},
  author={Conneau, Alexis and Kruszewski, German and Lample, Guillaume and Barrault, Lo{\"\i}c and Baroni, Marco},
  journal={arXiv preprint arXiv:1805.01070},
  year={2018}
}

@article{donahue2016adversarial,
  title={Adversarial feature learning},
  author={Donahue, Jeff and Kr{\"a}henb{\"u}hl, Philipp and Darrell, Trevor},
  journal={arXiv preprint arXiv:1605.09782},
  year={2016}
}

@article{dumoulin2016adversarially,
  title={Adversarially learned inference},
  author={Dumoulin, Vincent and Belghazi, Ishmael and Poole, Ben and Mastropietro, Olivier and Lamb, Alex and Arjovsky, Martin and Courville, Aaron},
  journal={arXiv preprint arXiv:1606.00704},
  year={2016}
}

@article{chelba2013one,
  title={One billion word benchmark for measuring progress in statistical language modeling},
  author={Chelba, Ciprian and Mikolov, Tomas and Schuster, Mike and Ge, Qi and Brants, Thorsten and Koehn, Phillipp and Robinson, Tony},
  journal={arXiv preprint arXiv:1312.3005},
  year={2013}
}

@inproceedings{li2017alice,
  title={Alice: Towards understanding adversarial learning for joint distribution matching},
  author={Li, Chunyuan and Liu, Hao and Chen, Changyou and Pu, Yuchen and Chen, Liqun and Henao, Ricardo and Carin, Lawrence},
  booktitle={Advances in Neural Information Processing Systems},
  pages={5495--5503},
  year={2017}
}

@article{hochreiter1997long,
  title={Long short-term memory},
  author={Hochreiter, Sepp and Schmidhuber, J{\"u}rgen},
  journal={Neural computation},
  volume={9},
  number={8},
  pages={1735--1780},
  year={1997},
  publisher={MIT Press}
}

@article{cho2014learning,
  title={Learning phrase representations using RNN encoder-decoder for statistical machine translation},
  author={Cho, Kyunghyun and Van Merri{\"e}nboer, Bart and Gulcehre, Caglar and Bahdanau, Dzmitry and Bougares, Fethi and Schwenk, Holger and Bengio, Yoshua},
  journal={arXiv preprint arXiv:1406.1078},
  year={2014}
}
